<record><leader>00000cas a22000007a 4500</leader><controlfield tag="001">9693787</controlfield><controlfield tag="008">830712d18671913nyudr ne      0    0eng d</controlfield><controlfield tag="009">3781</controlfield><datafield ind1=" " ind2=" " tag="010"><subfield code="a">sn 83030864 </subfield></datafield><datafield ind1=" " ind2=" " tag="040"><subfield code="a">NPU</subfield><subfield code="b">eng</subfield><subfield code="c">NPU</subfield><subfield code="d">NYG</subfield><subfield code="d">DLC</subfield><subfield code="d">NPX</subfield><subfield code="d">NYS</subfield><subfield code="d">OCLCQ</subfield></datafield><datafield ind1="1" ind2=" " tag="029"><subfield code="a">AU@</subfield><subfield code="b">000025828778</subfield></datafield><datafield ind1=" " ind2=" " tag="042"><subfield code="a">msc</subfield></datafield><datafield ind1="0" ind2="0" tag="050"><subfield code="a">Newspaper 8829-X</subfield></datafield><datafield ind1=" " ind2="4" tag="082"><subfield code="a">723</subfield></datafield><datafield ind1="0" ind2=" " tag="130"><subfield code="a">Auburn daily advertiser (Auburn, N.Y. : 1867)</subfield></datafield><datafield ind1="0" ind2="0" tag="245"><subfield code="a">Auburn daily advertiser.</subfield></datafield><datafield ind1=" " ind2=" " tag="260"><subfield code="a">Auburn, N.Y. :</subfield><subfield code="b">Knapp &amp; Peck</subfield></datafield><datafield ind1=" " ind2=" " tag="300"><subfield code="a">v. ;</subfield><subfield code="c">73 cm.</subfield></datafield><datafield ind1=" " ind2=" " tag="310"><subfield code="a">Daily</subfield></datafield><datafield ind1="0" ind2=" " tag="362"><subfield code="a">Vol. 22, no. 145 (Aug. 22, 1867)-Nov. 28, 1913.</subfield></datafield><datafield ind1=" " ind2=" " tag="580"><subfield code="a">Weekly ed.: Auburn journal (Auburn, N.Y. : 1868).</subfield></datafield><datafield ind1=" " ind2="4" tag="651"><subfield code="a">Auburn (N.Y.)</subfield><subfield code="v">Newspapers.</subfield></datafield><datafield ind1=" " ind2=" " tag="752"><subfield code="a">United States</subfield><subfield code="b">New York</subfield><subfield code="c">Cayuga</subfield><subfield code="d">Auburn.</subfield></datafield><datafield ind1="1" ind2=" " tag="775"><subfield code="t">Auburn journal (Auburn, N.Y. : 1868)</subfield><subfield code="w">(DLC)sn 83030715</subfield></datafield><datafield ind1="0" ind2=" " tag="775"><subfield code="t">Auburn semi-weekly journal</subfield><subfield code="w">(DLC)sn 90066029</subfield><subfield code="w">(OCoLC)21358984</subfield></datafield><datafield ind1="0" ind2="0" tag="780"><subfield code="t">Auburn daily advertiser and union</subfield><subfield code="w">(DLC)sn 84031369</subfield></datafield><datafield ind1="0" ind2="0" tag="785"><subfield code="t">Advertiser-journal (Auburn, N.Y.)</subfield><subfield code="w">(DLC)sn 84031374</subfield></datafield></record>